% Encoding: UTF-8


@inproceedings{alstrup2015distance,
  title     = {Distance labeling schemes for trees},
  author    = {Stephen Alstrup and
               Inge Li G{\o}rtz and
               Esben Bistrup Halvorsen and
               Ely Porat},
  booktitle = {43rd ICALP},
  year      = {2016},
}

@InProceedings{FredericksonTreePartitioning,
  author    = {G. N. Frederickson},
  title     = {Optimal Algorithms for Tree Partitioning},
  booktitle = {SODA '91},
  year      = {1991},
}

@Comment{jabref-meta: databaseType:bibtex;}
